@article{berry2011can,
  title={Can apparent superluminal neutrino speeds be explained as a quantum weak measurement?},
  author={Berry, MV and Brunner, N and Popescu, S and Shukla, P},
  journal={Journal of Physics A: Mathematical and Theoretical},
  volume={44},
  number={49},
  pages={492001},
  year={2011},
  publisher={IOP Publishing}
}

@article{sissom1991cats,
  title={How cats purr},
  author={Sissom, Dawn E Frazer and Rice, DA and Peters, Gustav},
  journal={Journal of Zoology},
  volume={223},
  number={1},
  pages={67--78},
  year={1991},
  publisher={Wiley Online Library}
}

@article{upper1974unsuccessful,
  title={The unsuccessful self-treatment of a case of “writer's block”},
  author={Upper, Dennis},
  journal={Journal of applied behavior analysis},
  volume={7},
  number={3},
  pages={497},
  year={1974},
  publisher={Society for the Experimental Analysis of Behavior}
}
